2784 4838
437 1222 828 1314 PRAEFATIO.

127 1593 299 1684 Omnibus
323 1621 374 1698 qui
397 1620 427 1680 iu
449 1621 571 1681 arabica
593 1621 692 1682 studia
713 1620 892 1681 incumbunt
914 1633 1026 1699 quanta
1041 1621 1079 1682 sit
1095 1621 1209 1698 Qorani

59 1721 182 1783 assidue
204 1723 379 1800 perlegendi
401 1723 566 1785 necessitas
588 1743 650 1783 non
674 1734 720 1783 est
741 1723 790 1783 hic
813 1723 1038 1798 disserendum,
1068 1743 1105 1783 ea
1127 1723 1207 1783 enim

59 1823 201 1884 omnibus
229 1835 312 1901 patet
317 1848 326 1898 3
354 1845 454 1902 pauca
480 1837 595 1886 tantum
622 1825 711 1904 igitur
742 1828 836 1886 verba
857 1824 964 1885 lectori
991 1824 1210 1902 praemittenda

58 1925 215 2000 existimo,
244 1936 277 1984 ut
305 1947 374 1986 eum
401 1928 440 1987 de
466 1928 582 1989 ratione
609 1949 700 2006 quam
731 1928 762 1987 in
789 1929 850 1988 hoc
880 1927 985 1987 libello
1016 1926 1208 1986 conficiendo

57 2037 181 2087 secutus
205 2046 281 2100 sum,
306 2027 465 2088 certiorem
488 2030 607 2091 faciam.

124 2128 213 2188 Sinas
243 2128 284 2189 ita
311 2130 410 2208 delegi
439 2142 472 2190 ut
501 2134 681 2192 adulescens
709 2130 798 2190 facile
828 2130 858 2189 in
886 2141 985 2190 mente
1013 2150 1067 2190 sua
1097 2128 1209 2189 variam

58 2232 188 2289 formam
211 2251 247 2290 ac
270 2231 402 2309 speciem
425 2233 562 2311 qoranici
585 2232 732 2294 sermonis
754 2235 934 2293 adumbrare
957 2233 1054 2310 possit
1060 2258 1068 2308 3
1093 2253 1153 2311 qua
1177 2253 1208 2293 re

57 2332 229 2393 concinnae
243 2353 280 2393 ae
302 2335 442 2411 poeticae
465 2336 662 2397 vetustiorum
685 2337 818 2397 sdrarum
836 2335 989 2408 orationis,
1014 2335 1154 2412 primum,
1177 2344 1209 2392 ut

57 2436 173 2510 dicam,
203 2437 428 2505 Muhammedis
456 2439 590 2499 divinum
618 2441 757 2498 afflatum
785 2437 999 2512 redolentium,
1025 2456 1088 2496 uon
1111 2435 1208 2494 minus

59 2557 151 2614 quam
184 2537 332 2613 pedestris
366 2540 513 2600 sermonis
545 2560 606 2618 quo
631 2539 756 2598 dissidia
785 2536 953 2597 domestica
983 2549 1209 2615 componuntur

58 2640 107 2698 vel
129 2638 319 2699 minutissimi
341 2640 496 2718 religionis
518 2641 591 2702 ritus
613 2639 872 2718 praescribuntur,
902 2641 1041 2716 exempla
1063 2641 1209 2716 praebere

59 2751 286 2802 conatussum.
331 2742 420 2802 saras
443 2743 532 2820 igitur
554 2744 722 2804 secundum
745 2753 914 2818 temporum
943 2742 1079 2801 ordinem
1107 2741 1208 2819 dispo·

58 2843 118 2918 sui,
148 2843 244 2923 qualis
271 2863 288 2902 e
321 2843 503 2905 doctissimis
536 2849 710 2905 Noammn
743 2843 849 2904 studiis
883 2843 1012 2904 maxime
1040 2842 1209 2921 probabilis

58 2962 126 3006 esse
149 2945 276 3006 videtur.

121 3049 157 3105 In
184 3036 283 3122 notis,¹
315 3067 393 3125 quae
416 3048 511 3126 magis
539 3050 578 3108 ad
607 3058 720 3108 textum
747 3057 827 3107 recte
860 3046 1097 3124 intellegendum
1126 3055 1211 3105 erant

57 3148 229 3208 necessaria
256 3148 362 3226 paucis
390 3151 489 3210 verbis
517 3150 661 3228 exposui,
685 3161 714 3209 et
736 3149 828 3210 libros
851 3149 903 3209 ubi
926 3149 1088 3226 ampliores
1110 3167 1210 3206 rerum

58 3249 250 3328 cognitiones
272 3251 406 3312 invenire
428 3252 556 3330 quisque
578 3263 679 3330 potest
697 3251 829 3311 indicavi
836 3275 845 3326 ;
869 3252 933 3325 sed,
956 3271 994 3310 ne
1014 3249 1081 3309 iibri
1096 3251 1210 3307 molem

56 3353 146 3413 nimis
174 3373 331 3432 augerem,
365 3358 513 3432 opuscula
542 3355 673 3429 minora,
706 3373 783 3432 quae
818 3352 907 3412 etiam
940 3351 997 3411 tiro
1033 3371 1152 3429 semper
1180 3349 1211 3410 in

57 3465 201 3533 promptu
231 3457 341 3516 habere
372 3459 477 3532 debet,
508 3457 648 3518 nimirum
672 3456 787 3535 optima
813 3454 956 3515 historiae
982 3452 1211 3525 Muhammedis

59 3557 242 3634 compendia
268 3580 286 3618 a
309 3561 463 3619 Ndnnuxa
486 3559 607 3636 (1883),
635 3563 749 3618 KREHL
780 3558 889 3636 (1885)
919 3569 949 3616 et
971 3560 1052 3617 Auo.
1076 3560 1212 3616 Moatra

59 3659 136 3733 (Der
157 3660 250 3719 Islam
272 3659 302 3721 in
325 3664 466 3738 Morgen-
490 3660 554 3718 und
575 3660 771 3731 Abendland,
796 3658 896 3718 Berlin
927 3657 1115 3732 1886—87,
1140 3668 1160 3716 t.
1184 3659 1208 3731 Ι,

56 3780 86 3838 p.
112 3761 285 3836 44—207)
309 3763 459 3842 confecta,
488 3761 628 3820 consulto
658 3759 755 3820 omisi.
801 3758 923 3837 Ubique
947 3778 1024 3837 quae
1048 3779 1084 3818 ex
1106 3758 1208 3819 novis-

57 3861 141 3922 simis
165 3861 272 3922 studiis
295 3873 451 3939 comperta
474 3873 543 3921 sunt
565 3861 695 3921 breviter
718 3861 874 3938 descripsi.

97 3967 195 4024 Notas
219 3983 297 4042 quae
320 3965 359 4024 ad
387 3984 450 4024 rem
473 3963 701 4041 grammaticam
728 3972 875 4040 spectant,
905 3961 1032 4021 rariores
1063 3959 1210 4038 gradatim

57 4065 129 4141 feei,
158 4076 188 4126 et
216 4067 278 4127 sere
311 4067 425 4145 ubique
460 4066 609 4144 optimum
643 4067 749 4125 Socrnr
782 4065 918 4132 libellum
951 4081 1074 4122 necnon
1113 4061 1211 4122 maius

56 4169 206 4230 cispnnn
229 4189 307 4247 opus
329 4169 559 4248 grammaticum
583 4167 681 4228 citavi.
