2784 4838
288 460 478 521 Glossarium
505 459 617 534 adieci,
650 459 680 519 in
715 479 776 537 quo
812 460 893 519 haud
925 478 992 518 raro
1025 462 1073 519 vel
1108 459 1139 518 in
1170 459 1368 536 dispositione

222 563 371 638 radicum,
407 565 454 623 vel
493 563 523 622 in
559 564 720 623 verborum
754 561 974 640 significatione
1013 563 1185 635 statuenda,
1220 583 1238 621 a
1267 561 1369 622 lexicis

223 664 350 724 arabicis
382 665 537 725 discedere
571 665 642 724 mihi
669 664 767 724 visum
796 674 850 724 est.
899 666 1081 741 Interpretes
1110 674 1139 724 et
1166 663 1370 741 lexicographi

224 766 399 841 muslimici,
427 767 608 844 theologicis
637 767 735 827 causis
765 764 839 826 moti
867 767 915 825 vel
943 767 1033 826 falsas
1063 766 1237 826 traditiones
1266 765 1370 840 secuti,

226 868 388 946 genuinam
420 871 638 929 vocabulorum
665 879 848 946 potestatem
878 868 1029 928 interdum
1050 872 1285 946 perturbavere,
1314 887 1370 946 ego

227 981 333 1030 contra
357 969 488 1030 maxima
511 989 571 1047 ope
593 990 666 1030 usus
696 990 763 1031 sum
790 980 823 1029 ut
849 969 940 1031 index
969 990 1053 1031 meus
1081 990 1183 1031 veram
1209 972 1371 1031 verborum

224 1072 490 1150 significationem,
526 1073 622 1150 qualis
656 1072 686 1132 in
715 1083 815 1132 mente
851 1084 913 1133 erat
939 1074 1177 1150 Muhammedis,
1204 1077 1370 1151 praeberet.

226 1177 295 1252 Qua
323 1175 354 1234 in
383 1195 414 1235 re
444 1179 583 1235 locorum
609 1174 639 1234 in
668 1175 792 1250 Qorano
822 1175 962 1236 similium
996 1176 1197 1254 comparatio,
1234 1175 1371 1236 vetustis·

224 1278 370 1337 simorum
400 1279 566 1338 carminum
597 1279 743 1353 studium,
775 1279 1064 1355 praestantissimum
1089 1283 1210 1339 Bau'rffl
1233 1299 1310 1356 opus
1335 1282 1371 1338 de

223 1381 382 1441 nominum
404 1382 434 1441 in
457 1381 568 1460 linguis
592 1381 734 1443 semiticis
759 1383 947 1459 formatione,
970 1403 1092 1443 necnon
1112 1383 1292 1460 praecipuae
1309 1383 1370 1457 Qo·

225 1484 289 1543 rani
313 1484 466 1545 versiones
490 1485 677 1562 (praesertim
700 1485 838 1564 anglicae
860 1488 1027 1546 Ronwucm
1043 1498 1072 1546 et
1089 1490 1239 1560 Paruum,
1262 1486 1372 1562 gallica

225 1591 436 1662 annmnsxn,
453 1589 645 1666 germanicae
661 1591 827 1649 Rllcxuurr
844 1601 873 1649 et
887 1592 1095 1664 Knauxorm)
1113 1590 1241 1648 maximo
1260 1588 1371 1647 auxilio

226 1690 297 1749 mihi
332 1692 460 1750 fuerunt.
516 1693 618 1751 Verba
658 1693 741 1751 haud
774 1693 913 1753 arabicae
947 1692 1068 1772 originis
1102 1712 1221 1768 semper
1254 1691 1371 1768 notavi,

224 1792 354 1869 denique
382 1793 432 1851 hic
458 1792 520 1850 illic
550 1793 778 1871 comparatione
806 1814 876 1853 cum
904 1792 1013 1871 linguis
1043 1793 1180 1870 cognatis
1208 1814 1281 1854 usus
1304 1815 1371 1853 sum

223 1906 255 1954 ut
282 1897 501 1954 vocabulorum
529 1895 675 1973 originem
703 1897 862 1974 perspicue
885 1899 1090 1970 ostenderem,
1119 1907 1149 1956 et
1176 1899 1215 1955 ad
1238 1897 1370 1957 studium

222 1998 409 2076 philologiae
433 1997 586 2058 semiticae
609 1998 752 2058 iuvenum
776 2000 903 2074 animoS,
928 1999 1101 2075 praesertim
1125 1996 1150 2057 si
1171 2000 1286 2076 absque
1310 2021 1370 2060 ma-

223 2100 316 2176 gistro
340 2101 478 2161 arabicae
501 2102 621 2179 linguae
644 2114 763 2177 vacant,
786 2102 982 2179 impellerem.

287 2203 521 2264 Accuratissime
549 2204 579 2264 in
602 2204 750 2282 glossario
779 2203 912 2282 regimen
941 2203 1024 2263 verbi
1047 2203 1207 2280 descripsi,
1236 2206 1287 2264 ubi
1310 2210 1370 2267 hoc

223 2307 362 2383 explicite
394 2327 457 2366 non
491 2308 653 2382 indicatur,
700 2310 824 2368 verbum
858 2306 1064 2368 accusativum
1104 2307 1187 2385 regit.
1241 2311 1295 2369 Ex.
1328 2332 1371 2388 gr.

225 2412 318 2487 «dna
338 2413 367 2467 II
389 2413 479 2469 altari
498 2432 557 2469 rem
587 2412 660 2485 (ψ)
688 2434 720 2470 re
741 2411 967 2485 commutavit»,
992 2411 1009 2470 i.
1026 2434 1051 2473 e.
1082 2411 1202 2471 arabice
1231 2415 1321 2472 alicui
1343 2423 1373 2471 et

222 2511 306 2570 rein
329 2532 401 2571 casu
417 2512 592 2571 accusativo
616 2524 779 2589 ponuntur.

294 2614 433 2691 Denique
467 2635 506 2674 ne
540 2614 607 2692 quis
644 2614 766 2675 miretur
803 2619 902 2695 quod,
936 2629 969 2676 ut
1002 2618 1168 2677 faciliorem
1204 2617 1371 2677 libriintel-

223 2718 335 2775 lectum
359 2718 525 2789 redderem,
551 2717 756 2777 concinnitate
780 2730 870 2797 atque
893 2720 1041 2798 elegantia
1069 2720 1214 2781 sermonis
1237 2721 1372 2797 prudens

224 2818 426 2906 abstinuerim.

296 2975 410 3050 Scripsi
429 2974 577 3050 Augustae
601 2972 800 3034 Ihztrz'uorum

309 3096 388 3128 nature
406 3080 478 3141 Julr'o
494 3081 558 3127 anni
575 3080 783 3133 MDCCCXCIJ.

722 3221 969 3294 (IAROLUS
997 3226 1036 3293 Α.
1062 3222 1304 3297 NALLlNO.
